<record><leader>00000cas a2200000 a 4500</leader><controlfield tag="001">36010851</controlfield><controlfield tag="008">961127d18881888orudn ne      0    0eng c</controlfield><datafield ind1=" " ind2=" " tag="010"><subfield code="a">sn 96088445 </subfield></datafield><datafield ind1=" " ind2=" " tag="040"><subfield code="a">OCN</subfield><subfield code="b">eng</subfield><subfield code="c">OCN</subfield><subfield code="d">OCLCQ</subfield><subfield code="d">ORU</subfield><subfield code="d">OCLCQ</subfield><subfield code="d">OCLCF</subfield><subfield code="d">OCLCO</subfield></datafield><datafield ind1=" " ind2=" " tag="042"><subfield code="a">pcc</subfield></datafield><datafield ind1=" " ind2=" " tag="043"><subfield code="a">n-us-or</subfield></datafield><datafield ind1="0" ind2="0" tag="245"><subfield code="a">Daily evening Albany democrat.</subfield></datafield><datafield ind1="3" ind2="0" tag="246"><subfield code="a">Albany daily evening democrat</subfield></datafield><datafield ind1="3" ind2="0" tag="246"><subfield code="a">Albany democrat</subfield></datafield><datafield ind1="1" ind2="3" tag="246"><subfield code="a">Daily democrat</subfield></datafield><datafield ind1=" " ind2=" " tag="260"><subfield code="a">Albany, Or. :</subfield><subfield code="b">Stites &amp; Nutting,</subfield><subfield code="c">1888.</subfield></datafield><datafield ind1=" " ind2=" " tag="300"><subfield code="a">1 v.</subfield></datafield><datafield ind1=" " ind2=" " tag="310"><subfield code="a">Daily (except Sun.)</subfield></datafield><datafield ind1="0" ind2=" " tag="362"><subfield code="a">Vol. 1, no. 1 (May 7, 1888)-v. 1, no. 174 (Nov. 24, 1888).</subfield></datafield><datafield ind1=" " ind2=" " tag="500"><subfield code="a">"Daily evening" appears above masthead ornament.</subfield></datafield><datafield ind1=" " ind2=" " tag="500"><subfield code="a">Publisher varies.</subfield></datafield><datafield ind1=" " ind2=" " tag="530"><subfield code="a">Also issued on microfilm from University of Oregon.</subfield></datafield><datafield ind1=" " ind2=" " tag="580"><subfield code="a">Weekly ed.: State rights democrat (Albany, Or.), 1888.</subfield></datafield><datafield ind1=" " ind2="0" tag="651"><subfield code="a">Albany (Or.)</subfield><subfield code="v">Newspapers.</subfield></datafield><datafield ind1=" " ind2="7" tag="655"><subfield code="a">Newspapers.</subfield><subfield code="2">fast</subfield><subfield code="0">(OCoLC)fst01423814</subfield></datafield><datafield ind1=" " ind2="7" tag="651"><subfield code="a">Oregon</subfield><subfield code="z">Albany.</subfield><subfield code="2">fast</subfield><subfield code="0">(OCoLC)fst01209399</subfield></datafield><datafield ind1=" " ind2=" " tag="752"><subfield code="a">United States</subfield><subfield code="b">Oregon</subfield><subfield code="c">Linn</subfield><subfield code="d">Albany.</subfield></datafield><datafield ind1="1" ind2=" " tag="775"><subfield code="t">State rights democrat (Albany, Or.)</subfield><subfield code="w">(DLC)sn 84022644</subfield><subfield code="w">(OCoLC)10519187</subfield></datafield><datafield ind1="0" ind2="0" tag="785"><subfield code="t">Albany daily democrat</subfield><subfield code="w">(DLC)sn 96088450</subfield><subfield code="w">(OCoLC)36010874</subfield></datafield></record>